<collection xmlns="http://www.loc.gov/MARC21/slim">
<record>
  <leader>01569nam0a2200217 i 450 </leader>
  <controlfield tag="001">IT\ICCU\CNCE\070432</controlfield>
  <controlfield tag="005">20130322000000.0</controlfield>
  <datafield tag="012" ind1=" " ind2=" ">
    <subfield code="a">i,i, dee, a,a, OcPo (3) 1554 (Q)</subfield>
    <subfield code="2">fei</subfield>
  </datafield>
  <datafield tag="100" ind1=" " ind2=" ">
    <subfield code="a">20070426f1554        0itac0103    ba</subfield>
  </datafield>
  <datafield tag="101" ind1=" " ind2=" ">
    <subfield code="a">ITD</subfield>
  </datafield>
  <datafield tag="102" ind1=" " ind2=" ">
    <subfield code="a">IT</subfield>
  </datafield>
  <datafield tag="200" ind1="1" ind2=" ">
    <subfield code="a">℗La ℗massera da be, per drita lom Flor da Coblat qui lo deter impare tugib ̣costum, e le boni parg, idest conditi,̣ che di hau li boni masseri, e parechi oter belle cosi, che la segueta fazada ef depenz, cum tug i privilegi ches p ̣m ̉d de dusent agn zapassag, e de quag signore  ̈al mond. Cetuet el turch, che non empazi mi sech</subfield>
  </datafield>
  <datafield tag="210" ind1=" " ind2=" ">
    <subfield code="a">In Brescia</subfield>
    <subfield code="c">per gli heredi di Giacomo Turlino</subfield>
    <subfield code="d">\1554?!</subfield>
  </datafield>
  <datafield tag="215" ind1=" " ind2=" ">
    <subfield code="a">32 p.</subfield>
    <subfield code="d">8ʻ</subfield>
  </datafield>
  <datafield tag="300" ind1=" " ind2=" ">
    <subfield code="a">Nel coloph. l&apos;anno  ̈espresso nella forma: mille ccccc. e quaranta quatordes. - Secondo Giuseppe Tonna, si tratta della prima edizione dell&apos;opera del 1554, data per ̣non compatibile con la sottoscrizione. Cfr. &quot;La massera da be a cura di Giuseppe Tonna&quot; Brescia, Grafo, 1978. - Ugo Baroncelli sulla base della sottoscrizione ritiene invece l&apos;edizione successiva a quella veneziana del 1565. Cfr. Editori e stampatori a Brescia nel Cinquecento in Studi di biblioteconomia e storia del libro in onore di Francesco Barberi, p. 107</subfield>
  </datafield>
  <datafield tag="620" ind1=" " ind2=" ">
    <subfield code="a">IT</subfield>
    <subfield code="d">Brescia</subfield>
  </datafield>
  <datafield tag="700" ind1=" " ind2="0">
    <subfield code="a">Galeazzo</subfield>
    <subfield code="c"> : dagli#Orzi</subfield>
    <subfield code="3">IT\ICCU\CNCA\027955</subfield>
  </datafield>
  <datafield tag="712" ind1="0" ind2="0">
    <subfield code="a">Turlino, Giacomo - eredi</subfield>
    <subfield code="3">IT\ICCU\CNCT\006297</subfield>
    <subfield code="4">650</subfield>
  </datafield>
  <datafield tag="790" ind1=" " ind2="1">
    <subfield code="a">Orzi,</subfield>
    <subfield code="b">Galeazzo : degli</subfield>
    <subfield code="3">IT\ICCU\CNCA\027957</subfield>
    <subfield code="z">Galeazzo : dagli#Orzi</subfield>
  </datafield>
  <datafield tag="801" ind1=" " ind2="3">
    <subfield code="a">IT</subfield>
    <subfield code="b">ICCU</subfield>
    <subfield code="c">20201115</subfield>
  </datafield>
  <datafield tag="899" ind1=" " ind2=" ">
    <subfield code="a">Biblioteca civica Queriniana. Brescia</subfield>
    <subfield code="1">BS0026</subfield>
    <subfield code="2">ZBS 01</subfield>
  </datafield>
</record>
</collection>
